% This file was created with JabRef 2.10.
% Encoding: UTF-8


@Book{BOOK_GMPL,
  Title                    = {Carl Edward Rasmussen and Christopher K. I. Williams},
  Author                   = {Carl Edward Rasmussen and Christopher K. I. Williams},
  Publisher                = {MIT Press},
  Year                     = {2006},

  Owner                    = {salman},
  Timestamp                = {2016.10.18},
  Url                      = {http://www.gaussianprocess.org/gpml/}
}

@Misc{GaussProc_SimpleIntro,
  Title                    = {A Simple Intro to Gaussian Processes (a great data modelling tool)},

  Owner                    = {salman},
  Timestamp                = {2016.10.17},
  Url                      = {http://platypusinnovation.blogspot.co.uk/2016/05/a-simple-intro-to-gaussian-processes.html}
}

